%YAML 1.1
%TAG !u! tag:unity3d.com,2011:
--- !u!95 &5544364780198788690
Animator:
  serializedVersion: 3
  m_ObjectHideFlags: 0
  m_CorrespondingSourceObject: {fileID: 0}
  m_PrefabInstance: {fileID: 0}
  m_PrefabAsset: {fileID: 0}
  m_GameObject: {fileID: 5089802728393245164}
  m_Enabled: 1
  m_Avatar: {fileID: 0}
  m_Controller: {fileID: 9100000, guid: 2473a437e4f6650498715175eeb7323b, type: 2}
  m_CullingMode: 0
  m_UpdateMode: 0
  m_ApplyRootMotion: 0
  m_LinearVelocityBlending: 0
  m_WarningMessage: 
  m_HasTransformHierarchy: 1
  m_AllowConstantClipSamplingOptimization: 1
  m_KeepAnimatorControllerStateOnDisable: 0
--- !u!114 &1176061185
MonoBehaviour:
  m_ObjectHideFlags: 0
  m_CorrespondingSourceObject: {fileID: 0}
  m_PrefabInstance: {fileID: 0}
  m_PrefabAsset: {fileID: 0}
  m_GameObject: {fileID: 5089802728393245164}
  m_Enabled: 1
  m_EditorHideFlags: 0
  m_Script: {fileID: 11500000, guid: 1e9bbb923f980c844b0cee1b8a7661b7, type: 3}
  m_Name: 
  m_EditorClassIdentifier: 
  signalDisplayObj: {fileID: 5089802728677436887}
  signalDisplay: 0
  manager: {fileID: 0}
  objectImHitting: {fileID: 0}
--- !u!114 &1176061191
MonoBehaviour:
  m_ObjectHideFlags: 0
  m_CorrespondingSourceObject: {fileID: 0}
  m_PrefabInstance: {fileID: 0}
  m_PrefabAsset: {fileID: 0}
  m_GameObject: {fileID: 5089802728393245164}
  m_Enabled: 1
  m_EditorHideFlags: 0
  m_Script: {fileID: 11500000, guid: 716797b0522f5164fad2125ff323d2ea, type: 3}
  m_Name: 
  m_EditorClassIdentifier: 
  facingRight: 0
  rb2D: {fileID: 5089802728393245153}
  signalDisplay: {fileID: 5089802728677436886}
--- !u!1001 &5358599103729677419
PrefabInstance:
  m_ObjectHideFlags: 0
  serializedVersion: 2
  m_Modification:
    m_TransformParent: {fileID: 0}
    m_Modifications:
    - target: {fileID: 936482517018031495, guid: 9224fcc817aa5354eaa46c1f0726e648,
        type: 3}
      propertyPath: m_Name
      value: Apartment Player Variant
      objectReference: {fileID: 0}
    - target: {fileID: 936482517018031499, guid: 9224fcc817aa5354eaa46c1f0726e648,
        type: 3}
      propertyPath: m_Offset.y
      value: -0.04
      objectReference: {fileID: 0}
    - target: {fileID: 936482517018031499, guid: 9224fcc817aa5354eaa46c1f0726e648,
        type: 3}
      propertyPath: m_SpriteTilingProperty.oldSize.x
      value: 2.2666667
      objectReference: {fileID: 0}
    - target: {fileID: 936482517018031499, guid: 9224fcc817aa5354eaa46c1f0726e648,
        type: 3}
      propertyPath: m_SpriteTilingProperty.oldSize.y
      value: 2.5133333
      objectReference: {fileID: 0}
    - target: {fileID: 936482517018031499, guid: 9224fcc817aa5354eaa46c1f0726e648,
        type: 3}
      propertyPath: m_SpriteTilingProperty.newSize.x
      value: 3.42
      objectReference: {fileID: 0}
    - target: {fileID: 936482517018031499, guid: 9224fcc817aa5354eaa46c1f0726e648,
        type: 3}
      propertyPath: m_SpriteTilingProperty.newSize.y
      value: 3.79
      objectReference: {fileID: 0}
    - target: {fileID: 936482517018031497, guid: 9224fcc817aa5354eaa46c1f0726e648,
        type: 3}
      propertyPath: m_LocalPosition.x
      value: -5.95
      objectReference: {fileID: 0}
    - target: {fileID: 936482517018031497, guid: 9224fcc817aa5354eaa46c1f0726e648,
        type: 3}
      propertyPath: m_LocalPosition.y
      value: -2.39
      objectReference: {fileID: 0}
    - target: {fileID: 936482517018031497, guid: 9224fcc817aa5354eaa46c1f0726e648,
        type: 3}
      propertyPath: m_LocalPosition.z
      value: 0
      objectReference: {fileID: 0}
    - target: {fileID: 936482517018031497, guid: 9224fcc817aa5354eaa46c1f0726e648,
        type: 3}
      propertyPath: m_LocalRotation.x
      value: 0
      objectReference: {fileID: 0}
    - target: {fileID: 936482517018031497, guid: 9224fcc817aa5354eaa46c1f0726e648,
        type: 3}
      propertyPath: m_LocalRotation.y
      value: 0
      objectReference: {fileID: 0}
    - target: {fileID: 936482517018031497, guid: 9224fcc817aa5354eaa46c1f0726e648,
        type: 3}
      propertyPath: m_LocalRotation.z
      value: 0
      objectReference: {fileID: 0}
    - target: {fileID: 936482517018031497, guid: 9224fcc817aa5354eaa46c1f0726e648,
        type: 3}
      propertyPath: m_LocalRotation.w
      value: 1
      objectReference: {fileID: 0}
    - target: {fileID: 936482517018031497, guid: 9224fcc817aa5354eaa46c1f0726e648,
        type: 3}
      propertyPath: m_RootOrder
      value: 0
      objectReference: {fileID: 0}
    - target: {fileID: 936482517018031497, guid: 9224fcc817aa5354eaa46c1f0726e648,
        type: 3}
      propertyPath: m_LocalEulerAnglesHint.x
      value: 0
      objectReference: {fileID: 0}
    - target: {fileID: 936482517018031497, guid: 9224fcc817aa5354eaa46c1f0726e648,
        type: 3}
      propertyPath: m_LocalEulerAnglesHint.y
      value: 0
      objectReference: {fileID: 0}
    - target: {fileID: 936482517018031497, guid: 9224fcc817aa5354eaa46c1f0726e648,
        type: 3}
      propertyPath: m_LocalEulerAnglesHint.z
      value: 0
      objectReference: {fileID: 0}
    - target: {fileID: 936482517018031497, guid: 9224fcc817aa5354eaa46c1f0726e648,
        type: 3}
      propertyPath: m_LocalScale.x
      value: -1
      objectReference: {fileID: 0}
    - target: {fileID: 936482517018031496, guid: 9224fcc817aa5354eaa46c1f0726e648,
        type: 3}
      propertyPath: m_Sprite
      value: 
      objectReference: {fileID: 21300000, guid: 3d28a6d17e48c42409935647321c992f,
        type: 3}
    - target: {fileID: 936482517018031496, guid: 9224fcc817aa5354eaa46c1f0726e648,
        type: 3}
      propertyPath: m_FlipX
      value: 1
      objectReference: {fileID: 0}
    - target: {fileID: 936482517018031496, guid: 9224fcc817aa5354eaa46c1f0726e648,
        type: 3}
      propertyPath: m_Size.x
      value: 3.42
      objectReference: {fileID: 0}
    - target: {fileID: 936482517018031496, guid: 9224fcc817aa5354eaa46c1f0726e648,
        type: 3}
      propertyPath: m_Size.y
      value: 3.79
      objectReference: {fileID: 0}
    m_RemovedComponents: []
  m_SourcePrefab: {fileID: 100100000, guid: 9224fcc817aa5354eaa46c1f0726e648, type: 3}
--- !u!1 &5089802728393245164 stripped
GameObject:
  m_CorrespondingSourceObject: {fileID: 936482517018031495, guid: 9224fcc817aa5354eaa46c1f0726e648,
    type: 3}
  m_PrefabInstance: {fileID: 5358599103729677419}
  m_PrefabAsset: {fileID: 0}
--- !u!50 &5089802728393245153 stripped
Rigidbody2D:
  m_CorrespondingSourceObject: {fileID: 936482517018031498, guid: 9224fcc817aa5354eaa46c1f0726e648,
    type: 3}
  m_PrefabInstance: {fileID: 5358599103729677419}
  m_PrefabAsset: {fileID: 0}
--- !u!1 &5089802728677436887 stripped
GameObject:
  m_CorrespondingSourceObject: {fileID: 936482516194908604, guid: 9224fcc817aa5354eaa46c1f0726e648,
    type: 3}
  m_PrefabInstance: {fileID: 5358599103729677419}
  m_PrefabAsset: {fileID: 0}
--- !u!212 &5089802728677436886 stripped
SpriteRenderer:
  m_CorrespondingSourceObject: {fileID: 936482516194908605, guid: 9224fcc817aa5354eaa46c1f0726e648,
    type: 3}
  m_PrefabInstance: {fileID: 5358599103729677419}
  m_PrefabAsset: {fileID: 0}
